<?xml version="1.0" encoding="UTF-8"?>
<collection xmlns:xsi="http://www.w3.org/2001/XMLSchema-instance" xsi:schemaLocation="http://www.loc.gov/MARC21/slim http://www.loc.gov/standards/marcxml/schema/MARC21slim.xsd" xmlns="http://www.loc.gov/MARC21/slim">
<record>
  <leader>00875cam a22002051  4500</leader>
  <controlfield tag="001">3080897</controlfield>
  <controlfield tag="003">NNC</controlfield>
  <controlfield tag="005">20130426020015.0</controlfield>
  <controlfield tag="008">010910m19321935ua            000 0 ara d</controlfield>
  <datafield tag="035" ind1=" " ind2=" ">
    <subfield code="a">(OCoLC)ocm47934222</subfield>
  </datafield>
  <datafield tag="035" ind1=" " ind2=" ">
    <subfield code="9">ATQ6077CU</subfield>
  </datafield>
  <datafield tag="035" ind1=" " ind2=" ">
    <subfield code="a">(NNC)3080897</subfield>
  </datafield>
  <datafield tag="040" ind1=" " ind2=" ">
    <subfield code="a">ZCU</subfield>
    <subfield code="c">ZCU</subfield>
  </datafield>
  <datafield tag="099" ind1=" " ind2=" ">
    <subfield code="a">893.792</subfield>
    <subfield code="a">H121</subfield>
  </datafield>
  <datafield tag="100" ind1="1" ind2=" ">
    <subfield code="a">Nūr al-Dīn al-Ḥalabī, ʻAlī ibn Ibrāhīm,</subfield>
    <subfield code="d">1567 or 1568-1635.</subfield>
  </datafield>
  <datafield tag="245" ind1="1" ind2="0">
    <subfield code="a">Insān al-ʻuyūn fī sīrat al-Amīn al-Maʾmūn,</subfield>
    <subfield code="b">al-ma rūfah bi al-Sīrah al-Ḥalabīyah,</subfield>
    <subfield code="c">taʾlīf ʻAlī ibn Burhān-al-Dīn al-Ḥalabī al-Shāfiʻī. Wabi-hāmishihā: al-Sīrah al-Nabawīyah wa-al-āthār al-Muḥammadīyah, lil-Sayyid Aḥmad Zaynī al-mashʹhūr bi Daḥlān.</subfield>
  </datafield>
  <datafield tag="250" ind1=" " ind2=" ">
    <subfield code="a">Al-tabʻah al-3.</subfield>
  </datafield>
  <datafield tag="260" ind1=" " ind2=" ">
    <subfield code="a">Miṣr,</subfield>
    <subfield code="b">Al-maṭbaʻah al-Azharīyah,</subfield>
    <subfield code="c">1351-53 h., 1932-35 m.</subfield>
  </datafield>
  <datafield tag="300" ind1=" " ind2=" ">
    <subfield code="a">3 v.</subfield>
  </datafield>
  <datafield tag="955" ind1=" " ind2=" ">
    <subfield code="b">0026817187</subfield>
    <subfield code="d">glx</subfield>
    <subfield code="e">893.792 H121</subfield>
    <subfield code="v">v.3</subfield>
  </datafield>
</record>
</collection>